@book{ME12,
author = {Musterfrau, Erika and Exempelmann, Max},
edition = {5},
isbn = {978-123-45678},
publisher = {Wissenschaftstestverlag},
title = {{Zitationen am Beispiel}},
year = {2012}
}

@article{TD15,
	author = {Testhansel, Heribert and Demofrau, Marita},
	title = {Das Testen von Artikeln},
	journaltitle = {Int. Journal of Testing},
	year={2015},
	series = {Lecture Notes},
	volume = {5},
	number = {2},
	issue = {42},
	pages = {111--222},
	publisher = {Elsedrei},
	doi = {10/1234.2345}
}

@online{TestOnlineQuelle,
	author = {{Borchers, Detlef}},
	title = {Elektronische Unterschrift: Bundesregierung reformiert Schriftformerfordernis},
	date = {2015-01-02},
	url = {http://m.heise.de/newsticker/meldung/Elektronische-Unterschrift-Bundesregierung-reformiert-Schriftformerfordernis-3259140.html},
	urldate = {2016-01-01},
}

@misc{DIN69901-1,
	title = {{DIN 69901-2}},
	date = {2010},
	subtitle = {Prozesse, Prozessmodell},
	organization = {{Deutsches Institut f√ºr Normung}}
}

% This file was created with Citavi 5.5.0.1

@book{Bahr.2011,
 author = {B{\"a}hr, Ulrich},
 year = {2011},
 title = {{Adobe LifeCycle Designer ES2 und SAP Interactive Forms: Scripting f{\"u}r Nicht-Programmierer}},
 price = {ca. EUR 34.95 (DE), ca. EUR 36.00 (AT)},
 keywords = {Adobe;Adobe LiveCycle Designer ES2;Paperback / softback;SAP Interactive Forms},
 address = {Heidelberg},
 edition = {1. Aufl.},
 publisher = {mitp},
 isbn = {9783826691805}
}


@book{Bahr.2016,
 author = {B{\"a}hr, Ulrich and Treusch, Axel},
 year = {2016},
 title = {{Praxisbuch SAP{\circledR} Interactive Forms und Adobe{\circledR} LiveCycle Designer}},
 keywords = {Adobe LiveCycle Designer ES2;SAP Interactive Forms},
 address = {Gleichen},
 edition = {1. Auflage},
 publisher = {{Espresso Tutorials}},
 isbn = {3960127006}
}


@book{Hauser.2015,
 author = {Hauser, J{\"u}rgen and Deutesfeld, Andreas and Rehmann, Stephan and Sz{\"u}cs, Thomas and Vogt, Christina},
 year = {2015},
 title = {{SAP Interactive Forms by Adobe}},
 address = {Bonn},
 edition = {3. Aufl., erw. Ausg},
 publisher = {Rheinwerk},
 isbn = {978-3-8362-3720-8},
 series = {{SAP press}}
}


@misc{PrajeshDesai.,
 author = {{Prajesh Desai}},
 title = {{Adobe form using javascript}},
 url = {\url{https://blogs.sap.com/2016/05/12/adobe-form-using-javascirpt/}}
}


@book{Schmiechen.2016,
 author = {Schmiechen, M.},
 year = {2016},
 title = {{Adobe Interactive Forms - Interaktive Formulare in SAP}},
 url = {\url{https://books.google.de/books?id=fX7JCwAAQBAJ}},
 publisher = {{Espresso Tutorials GmbH}},
 isbn = {9783960125679}
}


@book{Szardenings.2011,
 author = {Szardenings, Michael},
 year = {2011},
 title = {{Drucken mit SAP: L{\"o}sungen f{\"u}r die Praxis}},
 price = {Pp. : EUR 59.90 (DE), EUR 61.60 (AT), sfr 99.90 (freier Pr.)},
 address = {Bonn and Boston Mass.},
 edition = {1. Aufl.},
 publisher = {{Galileo Press}},
 isbn = {978-3836216043},
 series = {{SAP press}}
}




